<?xml version="1.0" encoding="UTF-8"?>
  <record xmlns="http://www.loc.gov/MARC21/slim" type="Authority">
    <leader>00000nz  a2200000nc 4500</leader>
    <controlfield tag="001">118557564</controlfield>
    <controlfield tag="003">DE-101</controlfield>
    <controlfield tag="005">20220604101053.0</controlfield>
    <controlfield tag="008">880701n||azznnaabn           | aaa    |c</controlfield>
    <datafield tag="024" ind1="7" ind2=" ">
      <subfield code="a">118557564</subfield>
      <subfield code="0">http://d-nb.info/gnd/118557564</subfield>
      <subfield code="2">gnd</subfield>
    </datafield>
    <datafield tag="035" ind1=" " ind2=" ">
      <subfield code="a">(DE-101)118557564</subfield>
    </datafield>
    <datafield tag="035" ind1=" " ind2=" ">
      <subfield code="a">(DE-588)118557564</subfield>
    </datafield>
    <datafield tag="035" ind1=" " ind2=" ">
      <subfield code="z">(DE-588)1159384738</subfield>
    </datafield>
    <datafield tag="035" ind1=" " ind2=" ">
      <subfield code="z">(DE-588)108991069X</subfield>
    </datafield>
    <datafield tag="035" ind1=" " ind2=" ">
      <subfield code="z">(DE-588)188013520</subfield>
    </datafield>
    <datafield tag="035" ind1=" " ind2=" ">
      <subfield code="z">(DE-588a)188013520</subfield>
      <subfield code="9">v:zg</subfield>
    </datafield>
    <datafield tag="035" ind1=" " ind2=" ">
      <subfield code="z">(DE-588)15823698X</subfield>
    </datafield>
    <datafield tag="035" ind1=" " ind2=" ">
      <subfield code="z">(DE-588a)15823698X</subfield>
      <subfield code="9">v:zg</subfield>
    </datafield>
    <datafield tag="035" ind1=" " ind2=" ">
      <subfield code="z">(DE-588a)118557564</subfield>
      <subfield code="9">v:zg</subfield>
    </datafield>
    <datafield tag="035" ind1=" " ind2=" ">
      <subfield code="z">(DE-588a)119721864</subfield>
    </datafield>
    <datafield tag="035" ind1=" " ind2=" ">
      <subfield code="z">(DE-588c)4028622-8</subfield>
      <subfield code="9">v:zg</subfield>
    </datafield>
    <datafield tag="040" ind1=" " ind2=" ">
      <subfield code="a">DE-101</subfield>
      <subfield code="c">DE-101</subfield>
      <subfield code="9">r:DE-101</subfield>
      <subfield code="b">ger</subfield>
      <subfield code="d">1210</subfield>
      <subfield code="e">rda</subfield>
    </datafield>
    <datafield tag="042" ind1=" " ind2=" ">
      <subfield code="a">gnd1</subfield>
    </datafield>
    <datafield tag="043" ind1=" " ind2=" ">
      <subfield code="c">XA-IT</subfield>
    </datafield>
    <datafield tag="065" ind1=" " ind2=" ">
      <subfield code="a">3.6p</subfield>
      <subfield code="2">sswd</subfield>
    </datafield>
    <datafield tag="075" ind1=" " ind2=" ">
      <subfield code="b">p</subfield>
      <subfield code="2">gndgen</subfield>
    </datafield>
    <datafield tag="075" ind1=" " ind2=" ">
      <subfield code="b">piz</subfield>
      <subfield code="2">gndspec</subfield>
    </datafield>
    <datafield tag="079" ind1=" " ind2=" ">
      <subfield code="a">g</subfield>
      <subfield code="q">s</subfield>
      <subfield code="q">f</subfield>
      <subfield code="q">n</subfield>
      <subfield code="u">v</subfield>
      <subfield code="u">w</subfield>
      <subfield code="u">z</subfield>
      <subfield code="u">o</subfield>
    </datafield>
    <datafield tag="100" ind1="0" ind2=" ">
      <subfield code="a">Joachim</subfield>
      <subfield code="c">von Fiore</subfield>
      <subfield code="d">1130-1202</subfield>
    </datafield>
    <datafield tag="375" ind1=" " ind2=" ">
      <subfield code="a">1</subfield>
      <subfield code="2">iso5218</subfield>
    </datafield>
    <datafield tag="400" ind1="0" ind2=" ">
      <subfield code="a">Joachim</subfield>
      <subfield code="c">de Flore</subfield>
      <subfield code="d">1130-1202</subfield>
    </datafield>
    <datafield tag="400" ind1="0" ind2=" ">
      <subfield code="a">Joachim</subfield>
      <subfield code="c">Florensis</subfield>
      <subfield code="d">1130-1202</subfield>
    </datafield>
    <datafield tag="400" ind1="0" ind2=" ">
      <subfield code="a">Joachim</subfield>
      <subfield code="c">de Floris</subfield>
      <subfield code="d">1130-1202</subfield>
    </datafield>
    <datafield tag="400" ind1="0" ind2=" ">
      <subfield code="a">Joachim</subfield>
      <subfield code="c">von Floris</subfield>
      <subfield code="d">1130-1202</subfield>
    </datafield>
    <datafield tag="400" ind1="0" ind2=" ">
      <subfield code="a">Joachim</subfield>
      <subfield code="c">de Fiore</subfield>
      <subfield code="d">1130-1202</subfield>
    </datafield>
    <datafield tag="400" ind1="0" ind2=" ">
      <subfield code="a">Joachim</subfield>
      <subfield code="c">di Fiore</subfield>
      <subfield code="d">1130-1202</subfield>
    </datafield>
    <datafield tag="400" ind1="0" ind2=" ">
      <subfield code="a">Joachim</subfield>
      <subfield code="c">of Fiore</subfield>
      <subfield code="d">1130-1202</subfield>
    </datafield>
    <datafield tag="400" ind1="0" ind2=" ">
      <subfield code="a">Joachim</subfield>
      <subfield code="c">of Flora</subfield>
      <subfield code="d">1130-1202</subfield>
    </datafield>
    <datafield tag="400" ind1="0" ind2=" ">
      <subfield code="a">Joachim</subfield>
      <subfield code="c">Abbas</subfield>
      <subfield code="d">1130-1202</subfield>
    </datafield>
    <datafield tag="400" ind1="0" ind2=" ">
      <subfield code="a">Joachim</subfield>
      <subfield code="c">Abt</subfield>
      <subfield code="d">1130-1202</subfield>
    </datafield>
    <datafield tag="400" ind1="0" ind2=" ">
      <subfield code="a">Joachim</subfield>
      <subfield code="c">de Celico</subfield>
      <subfield code="d">1130-1202</subfield>
    </datafield>
    <datafield tag="400" ind1="0" ind2=" ">
      <subfield code="a">Joachim</subfield>
      <subfield code="c">le Prophète</subfield>
      <subfield code="d">1130-1202</subfield>
    </datafield>
    <datafield tag="400" ind1="0" ind2=" ">
      <subfield code="a">Ioachim</subfield>
      <subfield code="c">Abbas</subfield>
      <subfield code="d">1130-1202</subfield>
    </datafield>
    <datafield tag="400" ind1="0" ind2=" ">
      <subfield code="a">Ioachim</subfield>
      <subfield code="c">Abbas Florensis</subfield>
      <subfield code="d">1130-1202</subfield>
    </datafield>
    <datafield tag="400" ind1="0" ind2=" ">
      <subfield code="a">Joachimus</subfield>
      <subfield code="c">Florensis</subfield>
      <subfield code="d">1130-1202</subfield>
    </datafield>
    <datafield tag="400" ind1="0" ind2=" ">
      <subfield code="a">Joachimus de Floris</subfield>
      <subfield code="d">1130-1202</subfield>
    </datafield>
    <datafield tag="400" ind1="0" ind2=" ">
      <subfield code="a">Joachimus</subfield>
      <subfield code="c">Abbas</subfield>
      <subfield code="d">1130-1202</subfield>
    </datafield>
    <datafield tag="400" ind1="0" ind2=" ">
      <subfield code="a">Joachimus</subfield>
      <subfield code="c">Abbas Cisterciensis</subfield>
      <subfield code="d">1130-1202</subfield>
    </datafield>
    <datafield tag="400" ind1="0" ind2=" ">
      <subfield code="a">Joachimus</subfield>
      <subfield code="c">Abbas Florensis</subfield>
      <subfield code="d">1130-1202</subfield>
    </datafield>
    <datafield tag="400" ind1="0" ind2=" ">
      <subfield code="a">Joachimus</subfield>
      <subfield code="c">Calaber</subfield>
      <subfield code="d">1130-1202</subfield>
    </datafield>
    <datafield tag="400" ind1="0" ind2=" ">
      <subfield code="a">Joachimus</subfield>
      <subfield code="c">de Celico</subfield>
      <subfield code="d">1130-1202</subfield>
    </datafield>
    <datafield tag="400" ind1="0" ind2=" ">
      <subfield code="a">Joachimus aus Celico</subfield>
      <subfield code="d">1130-1202</subfield>
      <subfield code="9">v:(VD-16)</subfield>
    </datafield>
    <datafield tag="400" ind1="0" ind2=" ">
      <subfield code="a">Joachimus</subfield>
      <subfield code="c">aus Celico</subfield>
      <subfield code="d">1130-1202</subfield>
    </datafield>
    <datafield tag="400" ind1="0" ind2=" ">
      <subfield code="a">Joachimus</subfield>
      <subfield code="c">Flor, Abbt</subfield>
      <subfield code="d">1130-1202</subfield>
    </datafield>
    <datafield tag="400" ind1="0" ind2=" ">
      <subfield code="a">Joachimus</subfield>
      <subfield code="c">Magnus Propheta</subfield>
      <subfield code="d">1130-1202</subfield>
    </datafield>
    <datafield tag="400" ind1="0" ind2=" ">
      <subfield code="a">Ioachimus</subfield>
      <subfield code="c">Florensis</subfield>
      <subfield code="d">1130-1202</subfield>
    </datafield>
    <datafield tag="400" ind1="0" ind2=" ">
      <subfield code="a">Joachin</subfield>
      <subfield code="c">Abbas</subfield>
      <subfield code="d">1130-1202</subfield>
    </datafield>
    <datafield tag="400" ind1="0" ind2=" ">
      <subfield code="a">Joachinus</subfield>
      <subfield code="c">Abbas</subfield>
      <subfield code="d">1130-1202</subfield>
    </datafield>
    <datafield tag="400" ind1="0" ind2=" ">
      <subfield code="a">Joaquín</subfield>
      <subfield code="c">de Fiore</subfield>
      <subfield code="d">1130-1202</subfield>
    </datafield>
    <datafield tag="400" ind1="1" ind2=" ">
      <subfield code="a">Flore, Joachim &#152;de&#156;</subfield>
      <subfield code="d">1130-1202</subfield>
    </datafield>
    <datafield tag="400" ind1="1" ind2=" ">
      <subfield code="a">Flore, Joachim &#152;von&#156;</subfield>
      <subfield code="d">1130-1202</subfield>
    </datafield>
    <datafield tag="400" ind1="1" ind2=" ">
      <subfield code="a">Flores, Juan &#152;de&#156;</subfield>
      <subfield code="d">1130-1202</subfield>
    </datafield>
    <datafield tag="400" ind1="1" ind2=" ">
      <subfield code="a">Floris, Joachim &#152;von&#156;</subfield>
      <subfield code="d">1130-1202</subfield>
    </datafield>
    <datafield tag="400" ind1="1" ind2=" ">
      <subfield code="a">Fiore, Joachim &#152;von&#156;</subfield>
      <subfield code="d">1130-1202</subfield>
    </datafield>
    <datafield tag="400" ind1="1" ind2=" ">
      <subfield code="a">Fiore, Giacomo &#152;da&#156;</subfield>
      <subfield code="d">1130-1202</subfield>
    </datafield>
    <datafield tag="400" ind1="1" ind2=" ">
      <subfield code="a">Fiore, Gioacchino &#152;da&#156;</subfield>
      <subfield code="d">1130-1202</subfield>
    </datafield>
    <datafield tag="400" ind1="0" ind2=" ">
      <subfield code="a">Giacchino</subfield>
      <subfield code="c">da Fiore</subfield>
      <subfield code="d">1130-1202</subfield>
      <subfield code="9">v:LexMA</subfield>
    </datafield>
    <datafield tag="400" ind1="0" ind2=" ">
      <subfield code="a">Gioacchino</subfield>
      <subfield code="c">da Fiore</subfield>
      <subfield code="d">1130-1202</subfield>
    </datafield>
    <datafield tag="400" ind1="0" ind2=" ">
      <subfield code="a">Gioachino</subfield>
      <subfield code="c">Abbas</subfield>
      <subfield code="d">1130-1202</subfield>
    </datafield>
    <datafield tag="400" ind1="0" ind2=" ">
      <subfield code="a">Gioachino</subfield>
      <subfield code="c">da Fiore</subfield>
      <subfield code="d">1130-1202</subfield>
    </datafield>
    <datafield tag="400" ind1="0" ind2=" ">
      <subfield code="a">Gioachino</subfield>
      <subfield code="c">Abbate</subfield>
      <subfield code="d">1130-1202</subfield>
    </datafield>
    <datafield tag="400" ind1="0" ind2=" ">
      <subfield code="a">Gioachino</subfield>
      <subfield code="c">di Fiore</subfield>
      <subfield code="d">1130-1202</subfield>
    </datafield>
    <datafield tag="400" ind1="0" ind2=" ">
      <subfield code="a">Pseudo-Joachim</subfield>
      <subfield code="c">de Flore</subfield>
      <subfield code="d">1130-1202</subfield>
    </datafield>
    <datafield tag="400" ind1="0" ind2=" ">
      <subfield code="a">Pseudo-Joachim</subfield>
      <subfield code="c">Florensis</subfield>
      <subfield code="d">1130-1202</subfield>
    </datafield>
    <datafield tag="400" ind1="0" ind2=" ">
      <subfield code="a">Ps.-Joachim</subfield>
      <subfield code="c">de Flore</subfield>
      <subfield code="d">1130-1202</subfield>
    </datafield>
    <datafield tag="400" ind1="0" ind2=" ">
      <subfield code="a">Ps.-Joachim</subfield>
      <subfield code="c">Florensis</subfield>
      <subfield code="d">1130-1202</subfield>
    </datafield>
    <datafield tag="400" ind1="0" ind2=" ">
      <subfield code="a">Joachimi</subfield>
      <subfield code="c">Abbt zu Hor in Calabria</subfield>
      <subfield code="d">1130-1202</subfield>
      <subfield code="9">v:Pseudo-Joachim</subfield>
    </datafield>
    <datafield tag="400" ind1="0" ind2=" ">
      <subfield code="a">Joachimi</subfield>
      <subfield code="c">Abt zu Hor in Calabria</subfield>
      <subfield code="d">1130-1202</subfield>
      <subfield code="9">v:Pseudo-Joachim</subfield>
    </datafield>
    <datafield tag="500" ind1="0" ind2=" ">
      <subfield code="0">(DE-101)100936601</subfield>
      <subfield code="0">(DE-588)100936601</subfield>
      <subfield code="0">https://d-nb.info/gnd/100936601</subfield>
      <subfield code="a">Anselmus</subfield>
      <subfield code="c">Marsicanus</subfield>
      <subfield code="d">-1210</subfield>
      <subfield code="4">beza</subfield>
      <subfield code="4">https://d-nb.info/standards/elementset/gnd#acquaintanceshipOrFriendship</subfield>
      <subfield code="w">r</subfield>
      <subfield code="i">Bekanntschaft</subfield>
      <subfield code="e">Bekanntschaft</subfield>
      <subfield code="9">v:VD-16 Mitverf.</subfield>
    </datafield>
    <datafield tag="500" ind1="1" ind2=" ">
      <subfield code="a">Skalić, Pavao</subfield>
      <subfield code="4">beza</subfield>
      <subfield code="4">https://d-nb.info/standards/elementset/gnd#acquaintanceshipOrFriendship</subfield>
      <subfield code="w">r</subfield>
      <subfield code="i">Bekanntschaft</subfield>
      <subfield code="e">Bekanntschaft</subfield>
      <subfield code="9">v:VD-16 Mitverf.</subfield>
    </datafield>
    <datafield tag="500" ind1="1" ind2=" ">
      <subfield code="0">(DE-101)119715473</subfield>
      <subfield code="0">(DE-588)119715473</subfield>
      <subfield code="0">https://d-nb.info/gnd/119715473</subfield>
      <subfield code="a">Hoya, Johannes &#152;von&#156;</subfield>
      <subfield code="4">beza</subfield>
      <subfield code="4">https://d-nb.info/standards/elementset/gnd#acquaintanceshipOrFriendship</subfield>
      <subfield code="w">r</subfield>
      <subfield code="i">Bekanntschaft</subfield>
      <subfield code="e">Bekanntschaft</subfield>
      <subfield code="9">v:VD-16 Mitverf.</subfield>
    </datafield>
    <datafield tag="500" ind1="1" ind2=" ">
      <subfield code="0">(DE-101)11976556X</subfield>
      <subfield code="0">(DE-588)11976556X</subfield>
      <subfield code="0">https://d-nb.info/gnd/11976556X</subfield>
      <subfield code="a">Moller, Bernhard</subfield>
      <subfield code="4">beza</subfield>
      <subfield code="4">https://d-nb.info/standards/elementset/gnd#acquaintanceshipOrFriendship</subfield>
      <subfield code="w">r</subfield>
      <subfield code="i">Bekanntschaft</subfield>
      <subfield code="e">Bekanntschaft</subfield>
      <subfield code="9">v:VD-16 Mitverf.</subfield>
    </datafield>
    <datafield tag="500" ind1="0" ind2=" ">
      <subfield code="0">(DE-101)111099513X</subfield>
      <subfield code="0">(DE-588)111099513X</subfield>
      <subfield code="0">https://d-nb.info/gnd/111099513X</subfield>
      <subfield code="a">Raniero</subfield>
      <subfield code="c">da Ponza</subfield>
      <subfield code="d">1130-1207</subfield>
      <subfield code="4">beza</subfield>
      <subfield code="4">https://d-nb.info/standards/elementset/gnd#acquaintanceshipOrFriendship</subfield>
      <subfield code="w">r</subfield>
      <subfield code="i">Bekanntschaft</subfield>
      <subfield code="e">Bekanntschaft</subfield>
    </datafield>
    <datafield tag="510" ind1="2" ind2=" ">
      <subfield code="0">(DE-101)004046609</subfield>
      <subfield code="0">(DE-588)1008453-8</subfield>
      <subfield code="0">https://d-nb.info/gnd/1008453-8</subfield>
      <subfield code="a">Zisterzienser</subfield>
      <subfield code="4">affi</subfield>
      <subfield code="4">https://d-nb.info/standards/elementset/gnd#affiliation</subfield>
      <subfield code="w">r</subfield>
      <subfield code="i">Affiliation</subfield>
      <subfield code="e">Affiliation</subfield>
    </datafield>
    <datafield tag="510" ind1="2" ind2=" ">
      <subfield code="0">(DE-101)972235388</subfield>
      <subfield code="0">(DE-588)4794314-2</subfield>
      <subfield code="0">https://d-nb.info/gnd/4794314-2</subfield>
      <subfield code="a">Florenser</subfield>
      <subfield code="4">affi</subfield>
      <subfield code="4">https://d-nb.info/standards/elementset/gnd#affiliation</subfield>
      <subfield code="w">r</subfield>
      <subfield code="i">Affiliation</subfield>
      <subfield code="e">Affiliation</subfield>
      <subfield code="9">v:Gründer</subfield>
    </datafield>
    <datafield tag="548" ind1=" " ind2=" ">
      <subfield code="a">1130-1202</subfield>
      <subfield code="4">datl</subfield>
      <subfield code="4">https://d-nb.info/standards/elementset/gnd#dateOfBirthAndDeath</subfield>
      <subfield code="w">r</subfield>
      <subfield code="i">Lebensdaten</subfield>
      <subfield code="9">v:Geburtsjahr ca.</subfield>
    </datafield>
    <datafield tag="550" ind1=" " ind2=" ">
      <subfield code="0">(DE-101)040597563</subfield>
      <subfield code="0">(DE-588)4059756-8</subfield>
      <subfield code="0">https://d-nb.info/gnd/4059756-8</subfield>
      <subfield code="a">Theologe</subfield>
      <subfield code="4">berc</subfield>
      <subfield code="4">https://d-nb.info/standards/elementset/gnd#professionOrOccupation</subfield>
      <subfield code="w">r</subfield>
      <subfield code="i">Charakteristischer Beruf</subfield>
    </datafield>
    <datafield tag="550" ind1=" " ind2=" ">
      <subfield code="0">(DE-101)042430577</subfield>
      <subfield code="0">(DE-588)4243057-4</subfield>
      <subfield code="0">https://d-nb.info/gnd/4243057-4</subfield>
      <subfield code="a">Ordensgründer</subfield>
      <subfield code="4">beru</subfield>
      <subfield code="4">https://d-nb.info/standards/elementset/gnd#professionOrOccupation</subfield>
      <subfield code="w">r</subfield>
      <subfield code="i">Beruf</subfield>
    </datafield>
    <datafield tag="551" ind1=" " ind2=" ">
      <subfield code="0">(DE-101)1004726929</subfield>
      <subfield code="0">(DE-588)7709437-2</subfield>
      <subfield code="0">https://d-nb.info/gnd/7709437-2</subfield>
      <subfield code="a">Celico</subfield>
      <subfield code="4">ortg</subfield>
      <subfield code="4">https://d-nb.info/standards/elementset/gnd#placeOfBirth</subfield>
      <subfield code="w">r</subfield>
      <subfield code="i">Geburtsort</subfield>
    </datafield>
    <datafield tag="667" ind1=" " ind2=" ">
      <subfield code="a">VD-17</subfield>
    </datafield>
    <datafield tag="670" ind1=" " ind2=" ">
      <subfield code="a">Brockhaus online</subfield>
      <subfield code="b">Stand: 16.03.2021</subfield>
      <subfield code="u">https://brockhaus-1de-10082b6nt0083.emedia1.bsb-muenchen.de/ecs/enzy/article/joachim-von-fiore</subfield>
    </datafield>
    <datafield tag="670" ind1=" " ind2=" ">
      <subfield code="a">Wikipedia</subfield>
      <subfield code="b">Stand: 16.03.2021</subfield>
      <subfield code="u">https://de.wikipedia.org/w/index.php?title=Joachim_von_Fiore&amp;oldid=202231820</subfield>
    </datafield>
    <datafield tag="670" ind1=" " ind2=" ">
      <subfield code="a">LexMA Online</subfield>
      <subfield code="b">Stand: 16.03.2021</subfield>
      <subfield code="u">http://apps.brepolis.net.00120fnt0085.emedia1.bsb-muenchen.de/lexiema/test/Default2.aspx</subfield>
    </datafield>
    <datafield tag="670" ind1=" " ind2=" ">
      <subfield code="a">LMA,V,485/87</subfield>
    </datafield>
    <datafield tag="672" ind1=" " ind2="0">
      <subfield code="a">Expositio in Librum Beati Cirilli de tribulationibus et statu ...</subfield>
      <subfield code="f">1516</subfield>
    </datafield>
    <datafield tag="672" ind1=" " ind2="0">
      <subfield code="a">Scriptum super Esaiam Prophetam</subfield>
      <subfield code="f">1517</subfield>
    </datafield>
    <datafield tag="672" ind1=" " ind2="0">
      <subfield code="a">Expositio in Librum Beati Cirilli de tribulationibus et statu ...</subfield>
      <subfield code="f">1518</subfield>
    </datafield>
    <datafield tag="672" ind1=" " ind2="0">
      <subfield code="a">Liber Concordiae novi ac vet. Testamenti</subfield>
      <subfield code="f">1519</subfield>
    </datafield>
    <datafield tag="672" ind1=" " ind2="0">
      <subfield code="a">Interpretatio preclara in Hieremiam Prophetam</subfield>
      <subfield code="f">1525</subfield>
    </datafield>
    <datafield tag="672" ind1=" " ind2="0">
      <subfield code="a">Expositio in Apocalypsim</subfield>
      <subfield code="f">1527</subfield>
    </datafield>
    <datafield tag="672" ind1=" " ind2="0">
      <subfield code="a">Joachim der Abt im buch der umbtreybung</subfield>
      <subfield code="f">1532</subfield>
    </datafield>
    <datafield tag="672" ind1=" " ind2="0">
      <subfield code="a">Vaticinia sive prophetiae</subfield>
      <subfield code="f">1570</subfield>
    </datafield>
    <datafield tag="672" ind1=" " ind2="0">
      <subfield code="a">Interpretatio preclara in Hieremiam Prophetam</subfield>
      <subfield code="f">1577</subfield>
    </datafield>
    <datafield tag="672" ind1=" " ind2="0">
      <subfield code="a">ABBATIS IOACHIM Diuina prorsus IN IEREMIAM PROPHETAM INTERPRETATIO,PLVRIMIS REFERTA ...</subfield>
      <subfield code="f">1577</subfield>
    </datafield>
    <datafield tag="672" ind1=" " ind2="0">
      <subfield code="a">Vaticinia</subfield>
      <subfield code="f">1639</subfield>
    </datafield>
    <datafield tag="913" ind1=" " ind2=" ">
      <subfield code="S">pnd</subfield>
      <subfield code="i">5</subfield>
      <subfield code="a">Joachim &lt;de Flore&gt;</subfield>
      <subfield code="0">(DE-588a)118557564</subfield>
    </datafield>
    <datafield tag="913" ind1=" " ind2=" ">
      <subfield code="S">pnd</subfield>
      <subfield code="i">5</subfield>
      <subfield code="a">Joachim &lt;von Fiore&gt;</subfield>
      <subfield code="0">(DE-588a)118557564</subfield>
    </datafield>
    <datafield tag="913" ind1=" " ind2=" ">
      <subfield code="S">pnd</subfield>
      <subfield code="i">5</subfield>
      <subfield code="a">Joachimus abbas Florensis</subfield>
      <subfield code="0">(DE-588a)15823698X</subfield>
    </datafield>
    <datafield tag="913" ind1=" " ind2=" ">
      <subfield code="S">pnd</subfield>
      <subfield code="i">5</subfield>
      <subfield code="a">Joachim &lt;De Fiore&gt;</subfield>
      <subfield code="0">(DE-588a)188013520</subfield>
    </datafield>
  </record>
